<?xml version="1.0" encoding="UTF-8"?><record xmlns="http://www.loc.gov/MARC21/slim" xmlns:cinclude="http://apache.org/cocoon/include/1.0" xmlns:zs="http://www.loc.gov/zing/srw/">
  <leader>00659cz  a2200157n  4500</leader>
  <controlfield tag="001">no2006134170</controlfield>
  <controlfield tag="003">DLC</controlfield>
  <controlfield tag="005">20130323094631.0</controlfield>
  <controlfield tag="008">061215n| azannaabn          |a ana      </controlfield>
  <datafield tag="010" ind1=" " ind2=" ">
    <subfield code="a">no2006134170</subfield>
  </datafield>
  <datafield tag="035" ind1=" " ind2=" ">
    <subfield code="a">(OCoLC)oca07280877</subfield>
  </datafield>
  <datafield tag="040" ind1=" " ind2=" ">
    <subfield code="a">DLC-S</subfield>
    <subfield code="b">eng</subfield>
    <subfield code="e">rda</subfield>
    <subfield code="c">DLC-S</subfield>
    <subfield code="d">DLC-S</subfield>
    <subfield code="d">OCoLC</subfield>
    <subfield code="d">DLC</subfield>
  </datafield>
  <datafield tag="110" ind1="1" ind2=" ">
    <subfield code="a">Arkansas.</subfield>
    <subfield code="b">Division of Medical Services</subfield>
  </datafield>
  <datafield tag="410" ind1="1" ind2=" ">
    <subfield code="a">Arkansas.</subfield>
    <subfield code="b">Arkansas Department of Health &amp; Human Services.</subfield>
    <subfield code="b">Division of  Medical Services</subfield>
  </datafield>
  <datafield tag="410" ind1="1" ind2=" ">
    <subfield code="a">Arkansas.</subfield>
    <subfield code="b">Medical Services, Division of</subfield>
  </datafield>
  <datafield tag="670" ind1=" " ind2=" ">
    <subfield code="a">Arcansas Dept. of Health &amp; Human Services Web site, viewed Dec. 15, 2006</subfield>
    <subfield code="b">(Arkansas Department of Health &amp; Human Services, Division of Medical Services)</subfield>
  </datafield>
</record>